<?xml version="1.0" encoding="UTF-8"?><collection xmlns="http://www.loc.gov/MARC21/slim"><record><leader>00634nam--2200169-i-4500</leader><controlfield tag="001">000039671</controlfield><controlfield tag="002">20161230</controlfield><controlfield tag="005">20170121204916</controlfield><controlfield tag="008">060222s1000------------r-----000-0-eng-d</controlfield><datafield ind1=" " ind2=" " tag="080"><subfield code="a">621.311.2</subfield></datafield><datafield ind1=" " ind2=" " tag="100"><subfield code="a">Romert, V</subfield></datafield><datafield ind1=" " ind2=" " tag="245"><subfield code="a">Sistem teleinformatic preconizat penru dotarea dispecerului national in vederea asigurarii conducerii optimale predicative a sistemului energetic</subfield></datafield><datafield ind1=" " ind2=" " tag="260"><subfield code="a">Bucuresti</subfield><subfield code="b">Cons.Nat.Al Ing.Si Tehnicienilor</subfield><subfield code="c">1969</subfield></datafield><datafield ind1=" " ind2=" " tag="300"><subfield code="a">10 p. + Anexa + Schema</subfield></datafield><datafield ind1=" " ind2=" " tag="490"><subfield code="a">A Doua Conf.A Electricienilor. Sectia Sisteme, Kcentrale Si Utilizarea Energiei Electrice</subfield></datafield><datafield ind1=" " ind2=" " tag="852"><subfield code="a">31622</subfield></datafield><datafield ind1=" " ind2=" " tag="CAT"><subfield code="a">SYS</subfield><subfield code="c">20170121</subfield><subfield code="h">204916</subfield></datafield></record></collection>